<?xml version="1.0" encoding="UTF-8"?><record xmlns="http://www.loc.gov/MARC21/slim" xmlns:cinclude="http://apache.org/cocoon/include/1.0" xmlns:zs="http://www.loc.gov/zing/srw/">
  <leader>00505nz  a2200133n  4500</leader>
  <controlfield tag="001">no2011126231</controlfield>
  <controlfield tag="003">DLC</controlfield>
  <controlfield tag="005">20110817075405.0</controlfield>
  <controlfield tag="008">110815n| acannaabn          |n aaa     c</controlfield>
  <datafield tag="010" ind1=" " ind2=" ">
    <subfield code="a">no2011126231</subfield>
  </datafield>
  <datafield tag="035" ind1=" " ind2=" ">
    <subfield code="a">(OCoLC)oca08945195</subfield>
  </datafield>
  <datafield tag="040" ind1=" " ind2=" ">
    <subfield code="a">TxHU</subfield>
    <subfield code="b">eng</subfield>
    <subfield code="c">TxHU</subfield>
  </datafield>
  <datafield tag="100" ind1="1" ind2=" ">
    <subfield code="a">Hofmann, Erik</subfield>
  </datafield>
  <datafield tag="670" ind1=" " ind2=" ">
    <subfield code="a">Ways out of the working capital trap, c2011:</subfield>
    <subfield code="b">t.p. (Erik Hofmann) t.p., verso (Dr. Erik Hofmann, UniversitaĚt St. Gallen, Kerkhoff Competence Center of Supply Chain Management, Lehrstuhl fuĚr Logistikmanagement)</subfield>
  </datafield>
</record>